<?xml version="1.0" encoding="UTF-8"?>
<record xmlns="http://www.loc.gov/MARC21/slim" xmlns:xsi="http://www.w3.org/2001/XMLSchema-instance" xsi:schemaLocation="http://www.loc.gov/MARC21/slim http://www.loc.gov/standards/marcxml/schema/MARC21slim.xsd">
<leader>00000cam a22      a 4500</leader>
<controlfield tag="001">001667650</controlfield>
<controlfield tag="003">NNU</controlfield>
<controlfield tag="005">20150603174052.0</controlfield>
<controlfield tag="008">021211s1961    sy       b    000 0 ara d</controlfield>
<datafield tag="035" ind1=" " ind2=" ">
<subfield code="a">(OCoLC)51312512</subfield>
</datafield>
<datafield tag="040" ind1=" " ind2=" ">
<subfield code="a">ERL</subfield>
<subfield code="b">eng</subfield>
<subfield code="c">ERL</subfield>
<subfield code="d">OCLCG</subfield>
<subfield code="d">OCLCQ</subfield>
<subfield code="d">EMU</subfield>
<subfield code="d">OCLCF</subfield>
<subfield code="d">OCLCQ</subfield>
</datafield>
<datafield tag="041" ind1="0" ind2=" ">
<subfield code="a">ara</subfield>
<subfield code="a">fre</subfield>
</datafield>
<datafield tag="050" ind1=" " ind2="4">
<subfield code="a">BP189</subfield>
<subfield code="b">.I35 1961</subfield>
</datafield>
<datafield tag="100" ind1="1" ind2=" ">
<subfield code="6">880-01</subfield>
<subfield code="a">Ibn Qudāmah, Muwaffaq al-Dīn ʻAbd Allāh ibn Aḥmad,</subfield>
<subfield code="d">1147-1223.</subfield>
</datafield>
<datafield tag="245" ind1="1" ind2="0">
<subfield code="6">880-02</subfield>
<subfield code="a">Kitāb al-tawwābīn /</subfield>
<subfield code="c">taʼlīf Abī Muḥammad ʻAbd Allāh ibn Aḥmad ibn Muḥammad Muwaffaq al-Dīn ibn Qudāmah al-Maqdisī ; ʻuniya bi-nashrihi wa-taḥqīqih Jūrj al-Maqdisī.</subfield>
</datafield>
<datafield tag="246" ind1="1" ind2="5">
<subfield code="a">Kitāb at-tauwābīn</subfield>
</datafield>
<datafield tag="246" ind1="1" ind2="5">
<subfield code="a">Livre des pénitents</subfield>
</datafield>
<datafield tag="260" ind1=" " ind2=" ">
<subfield code="6">880-03</subfield>
<subfield code="a">Dimashq :</subfield>
<subfield code="b">al-Maʻhad al-Firinsī lil-Dirāsāt al-ʻArabīyah,</subfield>
<subfield code="c">1961.</subfield>
</datafield>
<datafield tag="300" ind1=" " ind2=" ">
<subfield code="a">lxviii, 338 pages ;</subfield>
<subfield code="c">25 cm</subfield>
</datafield>
<datafield tag="336" ind1=" " ind2=" ">
<subfield code="a">text</subfield>
<subfield code="b">txt</subfield>
<subfield code="2">rdacontent</subfield>
</datafield>
<datafield tag="337" ind1=" " ind2=" ">
<subfield code="a">unmediated</subfield>
<subfield code="b">n</subfield>
<subfield code="2">rdamedia</subfield>
</datafield>
<datafield tag="338" ind1=" " ind2=" ">
<subfield code="a">volume</subfield>
<subfield code="b">nc</subfield>
<subfield code="2">rdacarrier</subfield>
</datafield>
<datafield tag="500" ind1=" " ind2=" ">
<subfield code="a">Introduction in French.</subfield>
</datafield>
<datafield tag="504" ind1=" " ind2=" ">
<subfield code="a">Includes bibliographical references.</subfield>
</datafield>
<datafield tag="650" ind1=" " ind2="0">
<subfield code="a">Mysticism</subfield>
<subfield code="x">Islam.</subfield>
</datafield>
<datafield tag="650" ind1=" " ind2="0">
<subfield code="a">Religious life</subfield>
<subfield code="x">Islam.</subfield>
</datafield>
<datafield tag="650" ind1=" " ind2="7">
<subfield code="a">Mysticism</subfield>
<subfield code="x">Islam.</subfield>
<subfield code="2">fast</subfield>
<subfield code="0">(OCoLC)fst01031643</subfield>
</datafield>
<datafield tag="650" ind1=" " ind2="7">
<subfield code="a">Religious life</subfield>
<subfield code="x">Islam.</subfield>
<subfield code="2">fast</subfield>
<subfield code="0">(OCoLC)fst01094119</subfield>
</datafield>
<datafield tag="700" ind1="1" ind2=" ">
<subfield code="a">Makdisi, George</subfield>
<subfield code="6">880-04</subfield>
</datafield>
<datafield tag="776" ind1="0" ind2="8">
<subfield code="i">Online version:</subfield>
<subfield code="a">Ibn Qudāmah, Muwaffaq al-Dīn ʻAbd Allāh ibn Aḥmad, 1147-1223.</subfield>
<subfield code="t">Kitāb al-tawwābīn.</subfield>
<subfield code="d">Dimashq : al-Maʻhad al-Firinsī lil-Dirāsāt al-ʻArabīyah, 1961</subfield>
<subfield code="w">(OCoLC)582139049</subfield>
</datafield>
<datafield tag="880" ind1="1" ind2=" ">
<subfield code="6">100-01/</subfield>
<subfield code="a">ابن قدامة، موفق الدين عبد الله بن أحمد،</subfield>
<subfield code="d">1147-1223.</subfield>
</datafield>
<datafield tag="880" ind1="1" ind2="0">
<subfield code="6">245-02/</subfield>
<subfield code="a">كتاب التوابين /</subfield>
<subfield code="c">تأليف أبي محمد عبد الله بن أحمد بن محمد موفق الدين بن قدامة المقدسي ؛ عنى بنشره وتحقيقه جورج المقدسي.</subfield>
</datafield>
<datafield tag="880" ind1=" " ind2=" ">
<subfield code="6">260-03/</subfield>
<subfield code="a">دمشق :</subfield>
<subfield code="b">المعهد الفرنسي للدراسات العربية،</subfield>
<subfield code="c">1961.</subfield>
</datafield>
<datafield tag="880" ind1="1" ind2=" ">
<subfield code="6">700-04/</subfield>
<subfield code="a">مقدسي، جورج.</subfield>
</datafield>
<datafield tag="OWN" ind1=" " ind2=" ">
<subfield code="a">GENERAL</subfield>
</datafield>
<datafield tag="AVA" ind1=" " ind2=" ">
<subfield code="a">NYU50</subfield>
<subfield code="b">BOBST</subfield>
<subfield code="c">Main Collection</subfield>
<subfield code="d">BP189 .I35 1961</subfield>
<subfield code="e">unavailable</subfield>
<subfield code="t">Unavailable</subfield>
<subfield code="f">1</subfield>
<subfield code="g">1</subfield>
<subfield code="h">N</subfield>
<subfield code="i">0</subfield>
<subfield code="j">MAIN</subfield>
<subfield code="k">0</subfield>
</datafield>
</record>
